<?xml version="1.0" encoding="UTF-8"?><collection xmlns="http://www.loc.gov/MARC21/slim"><record><leader>00471nam--2200169-i-4500</leader><controlfield tag="001">000035951</controlfield><controlfield tag="002">20161230</controlfield><controlfield tag="005">20161230201040</controlfield><controlfield tag="008">060222s1000------------r-----000-0-rus-d</controlfield><datafield ind1=" " ind2=" " tag="041"><subfield code="a">rus</subfield></datafield><datafield ind1="1" ind2=" " tag="100"><subfield code="a">Scheffe, H</subfield></datafield><datafield ind1="1" ind2="0" tag="245"><subfield code="a">Dispersionnii analiz</subfield><subfield code="c">H. scheffe</subfield></datafield><datafield ind1=" " ind2=" " tag="260"><subfield code="a">Moskva</subfield><subfield code="b">Fiziko-matematiceskoi Literaturi</subfield><subfield code="c">1963</subfield></datafield><datafield ind1=" " ind2=" " tag="300"><subfield code="a">625P</subfield></datafield><datafield ind1=" " ind2=" " tag="500"><subfield code="a">Titlul Original In Limba Engleza: The Analysis Of Variance</subfield></datafield><datafield ind1=" " ind2=" " tag="852"><subfield code="a">9071</subfield><subfield code="c">519.24</subfield></datafield><datafield ind1=" " ind2=" " tag="CAT"><subfield code="a">Sys</subfield><subfield code="c">20130801</subfield><subfield code="h">152121</subfield></datafield></record></collection>